@inproceedings{Yang:2011:FUB:1993498.1993532,
 author = {Yang, Xuejun and Chen, Yang and Eide, Eric and Regehr, John},
 title = {Finding and Understanding Bugs in C Compilers},
 series = {PLDI},
 year = 2011
}

@inproceedings{Chen:2013:TCF:2491956.2462173,
 author = {Chen, Yang and Groce, Alex and Zhang, Chaoqiang and Wong, Weng-Keen and Fern, Xiaoli and Eide, Eric and Regehr, John},
 title = {Taming Compiler Fuzzers},
 series = {PLDI},
 year = 2013
}

@article{Leroy-Compcert-CACM,
  author = {Xavier Leroy},
  title = {Formal verification of a realistic compiler},
  journal = {C. ACM},
  year = 2009
}

@article{Sevcik:2013:CVC:2487241.2487248,
 author = {\v{S}ev\v{c}\'{\i}k, Jaroslav and Vafeiadis, Viktor and Zappa Nardelli, Francesco and Jagannathan, Suresh and Sewell, Peter},
 title = {CompCertTSO: A Verified Compiler for Relaxed-Memory Concurrency},
 journal = {J. ACM},
 year = {2013}
}

@inproceedings{Zhao:2012:FLI:2103656.2103709,
 author = {Zhao, Jianzhou and Nagarakatte, Santosh and Martin, Milo M.K. and Zdancewic, Steve},
 title = {Formalizing the LLVM Intermediate Representation for Verified Program Transformations},
 series = {POPL},
 year = 2012
}

@inproceedings{Zhao:2013:FVS:2491956.2462164,
 author = {Zhao, Jianzhou and Nagarakatte, Santosh and Martin, Milo M.K. and Zdancewic, Steve},
 title = {Formal Verification of SSA-based Optimizations for LLVM},
 series = {PLDI},
 year = 2013
}

@inproceedings{Hur:2012:MBK:2103656.2103666,
 author = {Hur, Chung-Kil and Dreyer, Derek and Neis, Georg and Vafeiadis, Viktor},
 title = {The Marriage of Bisimulations and Kripke Logical Relations},
 series = {POPL},
 year = 2012
}

@article{Sewell:2010:XRU:1785414.1785443,
 author = {Sewell, Peter and Sarkar, Susmit and Owens, Scott and Nardelli, Francesco Zappa and Myreen, Magnus O.},
 title = {X86-TSO: A Rigorous and Usable Programmer's Model for x86 Multiprocessors},
 journal = {C. ACM},
 issue_date = {July 2010}
}

@inproceedings{Batty:2011:MCC:1926385.1926394,
 author = {Batty, Mark and Owens, Scott and Sarkar, Susmit and Sewell, Peter and Weber, Tjark},
 title = {Mathematizing C++ Concurrency},
 series = {POPL},
 year = 2011
}

@inproceedings{Sarkar:2011:UPM:1993498.1993520,
 author = {Sarkar, Susmit and Sewell, Peter and Alglave, Jade and Maranget, Luc and Williams, Derek},
 title = {Understanding POWER Multiprocessors},
 series = {PLDI},
 year = 2011
}

@inproceedings{Aaron:GPS,
 author = {Turon, Aaron and Vafeiadis, Viktor and Dreyer, Derek},
 title = {GPS: Navigating Weak Memory with Ghosts, Protocols, and Separation}
}
